% ------------------------------------------------------------------------
% BIBLIOGRAPHY FILE
% ------------------------------------------------------------------------


@misc{ISO11179,
  author = {International Standards Organisation},
  title = {International Standard for Metadata Registries},  
  url="http://metadata-standards.org/11179/",
  howpublished = "\url{http://metadata-standards.org/11179/}",
}

@misc{ISOFORMS,
	author = {International Standards Organisation},
	title = {International Standard for Metadata Registries},  
	url="http://metadata-standards.org/19763/",
	howpublished = "\url{http://metadata-standards.org/19763/}",
}

@misc{NIHR,
	title = { National Institute for Health Research},
	url="http://www.nihr.ac.uk/"
}

@misc{COSD,
	author = {National Cancer Intelligence Network},
	title = { Cancer Outcomes and Services Dataset},
	url="http://www.ncin.org.uk/collecting_and_using_data/data_collection/cosd/"
}

@misc{GEL,
	title = { Genomics England Limited},
	year = 2014,
	url="http://www.genomicsengland.co.uk/"
}


@misc{UML,
	author = {OMG},
	title = { Unified Modelling Language},
	url="http://http://www.uml.org//"
}


%-----------------------------------------------------------------------

@misc{swrl,
  author = {W3C},
  title = {SWRL: A Semantic Web Rule Language Combining OWL and RuleML},  
  url="http://www.w3.org/Submission/SWRL/",
  howpublished = "\url{http://www.w3.org/Submission/SWRL/}",
}

@misc{jena,
  author = {W3C},
  title = {Apache Jena is a Java framework for building Semantic Web applications.},  
  url="http://jena.apache.org/",
  howpublished = "\url{http://jena.apache.org/}",
}




@Article{MOFOnt,
   author = {Ralf Gitzel and Ingo Ott and Martin Schader},
   title = {Ontological Extension to the MOF Metamodel as a Basis for Code Generation },
   year = "2007",
   journal = {The Computer Journal},
   publisher = {British Computer Society},
    volume = {50},
    pages = { 93-115},
}



@misc{XText,
	author = {Eclipse},
	title = {XText : Eclipse Project},
	year = 2008,
	url="https://eclipse.org/Xtext/"
}


@misc{MOF242,
	author = {OMG},
	title = {OMG Meta Object Facility (MOF) Core Specification},
	year = 2014,
	url="http://www.omg.org/spec/MOF/2.4.2/PDF/"
}

@book{FowlerDSL,
	author = {Fowler, Martin},
	title = {Domain Specific Languages},
	year = {2010},
	isbn = {0321712943, 9780321712943},
	edition = {1st},
	publisher = {Addison-Wesley Professional},
} 



@misc{CWM,
	author = {OMG},
	title = {Common Warehouse Metamodel, v1.1 },
	year = 2003,
	url="http://www.omg.org/spec/CWM/1.1/PDF/formal-03-03-02.pdf"
}

@misc{ECORE,
	author = {Eclipse},
	title = {Ecore Tools },
	year = 2008,
	url="http://eclipse.org/ecoretools/"
}


@misc{XSLT,
	author = {W3C},
	title = {XSL Transformations (XSLT)Version 1.0},
	year = 1999,
	url="http://www.w3.org/TR/xslt"
}


@misc{OCL,
	author = {OMG},
	title = {Object Constraint Language (OCL), Version 2.4 },
	year = 2014,
	url="http://www.omg.org/spec/OCL/2.4/PDF/formal-14-02-03.pdf"
}

@misc{JSON,
	author = {Douglas Crockford},
	title = {JSON - Javascript Object Notation },
	year = {2014},
	url={"http://json.org/''}
}


@misc{QVT,
	author = {OMG},
	title = {Meta Object Facility (MOF) 2.0 Query/View/Transformation, V1.1 },
	year = 2011,
	url="http://www.omg.org/spec/QVT/1.1/PDF/formal-11-01-01.pdf"
}


@url{CDISC,
	Date-Modified = {2012-08-09 12:53:39 +0000},
	Lastchecked = {August 2012},
	Title = {Clinical Data Interchange Standards Consortium},
	Url = {http://www.cdisc.org/},
	Bdsk-Url-1 = {http://www.cdisc.org/}}

@url{CDISC-ODM,
	Date-Modified = {2012-08-09 12:53:39 +0000},
	Lastchecked = {August 2012},
	Title = {{C}{D}{I}{S}{C} Operational Data Model},
	Url = {http://www.cdisc.org/odm},
	Bdsk-Url-1 = {http://www.cdisc.org/odm}}

@url{XLINK,
	Date-Modified = {2012-08-09 12:53:39 +0000},
	Lastchecked = {August 2012},
	Title = {XML Linking Language (XLink) Version 1.0},
	Url = {http://www.w3.org/TR/xlink/},
	Bdsk-Url-1 = {http://www.w3.org/TR/xlink/}}

@url{XMLDSig,
	Date-Modified = {2012-08-09 12:53:39 +0000},
	Lastchecked = {August 2012},
	Title = {XML Signature Syntax and Processing (Second Edition)},
	Url = {http://www.w3.org/TR/xmldsig-core/},
	Bdsk-Url-1 = {http://www.w3.org/TR/xmldsig-core/}}
	


%%%% ISO11179 ontologies %%%%%

@article{Sinaci2013784,
title = "A federated semantic metadata registry framework for enabling interoperability across clinical research and care domains ",
journal = "Journal of Biomedical Informatics ",
volume = "46",
number = "5",
pages = "784 - 794",
year = "2013",
note = "",
issn = "1532-0464",
doi = "http://dx.doi.org/10.1016/j.jbi.2013.05.009",
url = "http://www.sciencedirect.com/science/article/pii/S1532046413000750",
author = "A. Anil Sinaci and Gokce B. Laleci Erturkmen",
keywords = "Interoperability",
keywords = "Metadata Registry/Repository",
keywords = "ISO/IEC 11179",
keywords = "Semantic web",
keywords = "Linked Data",
keywords = "Common Data Elements "
}


@Article{pmid25405066,
   Author="Jeong, S.  and Kim, H. H.  and Park, Y. R.  and Kim, J. H. ",
   Title="{{C}linical {D}ata {E}lement {O}ntology for {U}nified {I}ndexing and {R}etrieval of {D}ata {E}lements across {M}ultiple {M}etadata {R}egistries}",
   Journal="Healthc Inform Res",
   Year="2014",
   Volume="20",
   Number="4",
   Pages="295--303",
   Month="Oct"
}

@Article{pmid22211181,
   Author="Tao, C.  and Jiang, G.  and Wei, W.  and Solbrig, H. R.  and Chute, C. G. ",
   Title="{{T}owards {S}emantic-{W}eb {B}ased {R}epresentation and {H}armonization of {S}tandard {M}eta-data {M}odels for {C}linical {S}tudies}",
   Journal="AMIA Jt Summits Transl Sci Proc",
   Year="2011",
   Volume="2011",
   Pages="59--63"
}

@book{poole03,
  title={Common Warehouse Metamodel developer's guide},
  author={Poole, John and Chang, Dan and Tolbert, Douglas and Mellor, David},
  volume={24},
  year={2003},
  publisher={John Wiley \& Sons}
}

@book{kim02,
 author = {Kimball, Ralph and Ross, Margy},
 title = {The  Data Warehouse Toolkit: The Complete Guide to Dimensional Modeling},
 year = {2002},
 isbn = {0471200247, 9780471200246},
 edition = {2nd},
 publisher = {John Wiley \& Sons, Inc.},
 address = {New York, NY, USA},
} 

@book{inm92,
 author = {Inmon, W. H.},
 title = {Building the Data Warehouse},
 year = {1992},
 isbn = {0-89435-404-3},
 publisher = {QED Information Sciences, Inc.},
 address = {Wellesley, MA, USA},
} 

@article{harr09,
  title={Research electronic data capture (REDCap)â€”a metadata-driven methodology and workflow process for providing translational research informatics support},
  author={Harris, Paul A and Taylor, Robert and Thielke, Robert and Payne, Jonathon and Gonzalez, Nathaniel and Conde, Jose G},
  journal={Journal of biomedical informatics},
  volume={42},
  number={2},
  pages={377--381},
  year={2009},
  publisher={Elsevier}
}

@article{Abler2011,
  title = "Models for Forms",
  author = "Daniel Abler and Charles Crichton and Jim Davies and Steve Harris and James Welch",
  year = "2011",
  journal = "Proceedings of the 11th Workshop on Domain-Specific Modeling",
  month = "October",
  url = "http://www.dsmforum.org/events/DSM11/",
}

@Book{MDA-proposal,
   author = "A. Kleppe and J. Warmer and W. Bast", 
   title = {{MDA Explained, The Model Driven Architecture: Practice
                  and Promise}}, 
   publisher = "Addison-Wesley",
   year =   "2003"
}

%%%%%%%%%%%%%%%%%%%%%%%%%%%%%%
